@article{andreoni_miller_2002, title={Giving According to {GARP}: An Experimental Test of the Consistency of Preferences for Altruism}, volume={70}, number={2}, journal={Econometrica}, author={Andreoni, J. and Miller, J.}, year={2002}, pages={737-753}}

@article{arrow_1961, title={Capital-Labor Substitution and Economic Efficiency}, volume={43}, number={3}, journal={The Review of Economics and Statistics}, author={Arrow, K. and Chenery, H. and Minhas, B. and Solow, R.}, year={1961}, pages={225-250}}

@article{baran_2010, title={Can we infer social preferences from the lab? {Evidence} from the trust game}, volume={15654}, journal={NBER Working Paper}, author={Baran, N. and Sapienza, P. and Zingales, L.}, year={2010}}

@article{benz_meier_2006, title={Do People Behave in Experiments as in the Field? {Evidence} from Donations}, journal={SSRN Electronic Journal}, author={Benz, M. and Meier, S.}, year={2006}}

@article{berg_1995, title={Trust, reciprocity, and social history}, journal={Games and Economic Behavior}, author={Berg, J. and Dickhaut, J. and McCabe, K.}, year={1995}}

@article{burnham_mccabe_smith_2000, title={Friend-or-foe intentionality priming in an extensive form trust game}, volume={43}, number={1}, journal={Journal of Economic Behavior and Organization}, author={Burnham, T. and McCabe, K. and Smith, V.}, year={2000}, pages={57-73}}

@article{carpenter_verhoogen_burks_2005, title={The effect of stakes in distribution experiments}, volume={86}, number={3}, journal={Economics Letters}, author={Carpenter, J. and Verhoogen, E. and Burks, S.}, year={2005}, pages={393-398}}

@article{charness_rabin_2002, title={Understanding Social Preferences with Simple Tests}, volume={117}, number={3}, journal={The Quarterly Journal of Economics}, author={Charness, G. and Rabin, M.}, year={2002}, month={Jan}, pages={817-869}}

@article{cherry_frykblom_shogren_2002, title={Hardnose the Dictator}, volume={92}, number={4}, journal={American Economic Review}, author={Cherry, T. and Frykblom, P. and Shogren, J.}, year={2002}, pages={1218-1221}}

@article{englmaier_gebhardt_2011, title={Free-Riding in the Lab and in the Field}, journal={SSRN Electronic Journal}, author={Englmaier, F. and Gebhardt, G.}, year={2011}}

@article{falk_2013, title={Do lab experiments misrepresent social preferences? {The} case of self-selected student samples}, volume={11}, number={4}, journal={Journal of the European Economic Association}, author={Falk, A. and Meier, S. and Zehnder, C.}, year={2013}, pages={839-852}}


@article{fehr_leibbrandt_2011, title={A field study on cooperativeness and impatience in the Tragedy of the Commons}, volume={95}, number={9-10}, journal={Journal of Public Economics}, author={Fehr, E. and Leibbrandt, A.}, year={2011}, pages={1144-1155}}

@article{fehr_schmidt_1999, title={A theory of fairness, competition, and cooperation}, volume={114}, number={3}, journal={Quarterly Journal of Economics}, author={Fehr, E. and Schmidt, K.}, year={1999}, pages={817-868}}

@article{fisman_jakiela_kariv_2014, title={The Distributional Preferences of {Americans}}, author={Fisman, R. and Jakiela, P. and Kariv, S.}, year={2014}}

@article{forsythe_1994, title={Fairness in simple bargaining experiments}, volume={6}, number={3}, journal={Games and Economic Behavior}, author={Forsythe, R. and Horowitz, J. and Savin, N. and Sefton, M.}, year={1994}, pages={347-369}}

@article{fisman_kariv_markovits_2007, title={Individual Preferences for Giving}, volume={97}, number={5}, journal={American Economic Review}, author={Fisman, R. and Kariv, S. and Markovits, D.}, year={2007}, pages={1858-1876}}

@article{franzen_pointner_2012, title={The external validity of giving in the dictator game}, volume={16}, number={2}, journal={Experimental Economics}, author={Franzen, A. and Pointner, S.}, year={2012}, pages={155-169}}

@article{galizzi_navarro-martinez_2017, title={On the External Validity of Social Preference Games: A Systematic Lab-Field Study}, journal={Management Science}, author={Galizzi, M. and Navarro-Martinez, D.}, year={2017}}

@article{gintis_2000, title={Strong Reciprocity and Human Sociality}, volume={206}, number={2}, journal={Journal of Theoretical Biology}, author={Gintis, H.}, year={2000}, pages={169-179}}

@article{gneezy_2004, title={The inefficiency of splitting the bill: A lesson in institutional design}, volume={114}, number={495}, journal={The Economic Journal}, author={Gneezy, U. and Haruvy, E. and Yafe, H.}, year={2004}, pages={265-280}}

@article{goeschl_2015, title={What Do We Learn from Public Good Games About Voluntary Climate Action? {Evidence} from an Artefactual Field Experiment}, journal={SSRN Electronic Journal}, author={Goeschl, T. and Kettner, S. and Lohse, J. and Schwieren, C.}, year={2015}}

@article{gurven_winking_2008, title={Collective Action in Action: {Prosocial} Behavior in and out of the Laboratory}, volume={110}, number={2}, journal={American Anthropologist}, author={Gurven, M. and Winking, J.}, year={2008}, pages={179-190}}

@article{henrich_2005, title={"Economic man" in cross-cultural perspective: {Behavioral} experiments in 15 small-scale societies}, volume={28}, number={06}, journal={Behavioral and Brain Sciences}, author={Henrich, J. and Boyd, R. and Bowles, S. and Camerer, C. and Fehr, E. and Gintis, H. and Mcelreath, R. and Alvard, M. and Barr, A. and Ensminger, J.}, year={2005}}


@article{hermann_thoni_gachter_2008, title={Anti-social punishment across societies}, volume={319}, journal={Science}, author={Hermann, B. and Thoni, C. and Gachter, S.}, year={2008}, pages={1362-1367}}

@article{hill_gurven_2004, title={Economic Experiments to Examine Fairness and Cooperation among the {Ache} {Indians} of {Paraguay}}, journal={Foundations of Human Sociality}, author={Hill, K. and Gurven, M.}, year={2004}, pages={382-412}}

@article{hoffman_1994, title={Preferences, Property Rights, and Anonymity in Bargaining Games}, volume={7}, number={3}, journal={Games and Economic Behavior}, author={Hoffman, E. and Mccabe, K. and Shachat, K. and Smith, V.}, year={1994}, pages={346-380}}

@article{karlan_2005, title={Using Experimental Economics to Measure Social Capital and Predict Financial Decisions}, volume={95}, number={5}, journal={American Economic Review}, author={Karlan, D.}, year={2005}, pages={1688-1699}}

@article{kyung_2010, title={Penalized regression, standard errors and Bayesian lassos}, volume={5}, number={2}, journal={Bayesian Analysis}, author={Kyung, M. and Ghosh, M. and Casella, G.}, year={2010}, pages={369-412}}


@article{levitt_list_2007, title={What Do Laboratory Experiments Measuring Social Preferences Reveal About the Real World?}, volume={21}, number={2}, journal={Journal of Economic Perspectives}, author={Levitt, S. and List, J.}, year={2007}, pages={153-174}}

@article{list_2006, title={The Behavioralist Meets the Market: Measuring Social Preferences and Reputation Effects in Actual Transactions}, volume={114}, number={51}, journal={Journal of Political Economy}, author={List, J.}, year={2006}, pages={1-37}}

@article{lockhart_2014, title={A significance test for the Lasso}, volume={42}, number={2}, journal={Annals of Statistics}, author={Lockhart, J. and Taylor, J. and Tibshirani, R.J. and Tibshirani, R.}, year={2014}, pages={413-468}}

@article{mallows_1973, title={Some comments on Cp}, volume={15}, number={4}, journal={Technometrics}, author={Mallows, C.}, year={1973}, pages={661-675}}


@article{parco_rapoport_stein_2002, title={Effects of Financial Incentives on the Breakdown of Mutual Trust}, volume={13}, number={3}, journal={Psychological Science}, author={Parco, J. and Rapoport, A. and Stein, W.}, year={2002}, pages={292-297}}

@article{rabin_1993, title={Incorporating Fairness into Game Theory and Economics: Comment}, volume={83}, journal={American Economic Review}, author={Rabin, M.}, year={1993}, pages={1281-1302}}

@article{ross_ward_1996, title={Naive realism in everyday life: Implications for social conflict and misunderstanding}, journal={Values and Knowledge}, author={Ross, L and Ward, A.}, year={1996}, pages={103-135}}

@article{rushton_chrisjohn_fekken_1981, title={The altruistic personality and the self-report altruism scale}, volume={2}, journal={Personality and Individual Differences}, author={Rushton, J. and Chrisjohn, R. and Fekken, G.}, year={1981}, pages={293-302}}


@article{slonim_roth_1998, title={Learning in High Stakes Ultimatum Games: An Experiment in the Slovak Republic}, volume={66}, number={3}, journal={Econometrica}, author={Slonim, R. and Roth, A.}, year={1998}, pages={569-596}}

@article{tibshirani_1996, title={Regression Shrinkage and Selection via the Lasso}, volume={58}, number={1}, journal={Journal of the Royal Statistical Society. Series B (Methodological)}, author={Tibshirani, R.}, year={1996}, pages={267-288}}

@article{voors_2012, title={Exploring whether behavior in context-free experiments is predictive of behavior in the field: Evidence from lab and field experiments in rural {Sierra} {Leone}}, volume={114}, number={3}, journal={Economics Letters}, author={Voors, M. and Turley, T. and Kontoleon, A. and Bulte, E. and List, J.}, year={2012}, pages={308-311}}

